@article{guiaTransparencia2013,
	title={GUIA de implanta{\c{c}}{\~a}o de Portal da Transpar{\^e}ncia},
	author={da Uni{\~a}o, Controladoria-Geral},
	journal={Bras{\'\i}lia, 2013a. Dispon{\'\i}vel em:< http://www. cgu. gov. br/publicacoes/BrasilTransparente/Guia\_PortalTransparencia. pdf.>. Acesso em 20/04/2019},
	volume={5},
	year={2013}
}

@article{vilarinho2017,
	title={Uso de t{\'e}cnicas de minera{\c{c}}{\~a}o de dados para classifica{\c{c}}{\~a}o das ocorr{\^e}ncias de casos de dengue nos munic{\'\i}pios brasileiros.},
	author={Vilarinho, Renato Avilez},
	year={2017}
}

@phdthesis{medeiros1999,
	title={Bancos de dados geogr{\'a}ficos e redes neurais artificiais: tecnologias de apoio {\`a} gest{\~a}o do territ{\'o}rio.},
	author={Medeiros, Jos{\'e} Sime{\~a}o de},
	year={1999},
	school={Universidade de S{\~a}o Paulo}
}

@article{metaxiotis2004decision,
	title={Decision support through knowledge management: the role of the artificial intelligence},
	author={Metaxiotis, Kostas and Ergazakis, Kostas and Samouilidis, Emannuel and Psarras, John},
	journal={International Journal of Computer Applications in Technology},
	volume={19},
	number={2},
	pages={101--106},
	year={2004},
	publisher={Inderscience Publishers}
}

@book{russell2016artificial,
	title={Artificial intelligence: a modern approach},
	author={Russell, Stuart J and Norvig, Peter},
	year={2016},
	publisher={Malaysia; Pearson Education Limited,}
}

@article{barreto1999inteligencia,
	title={Intelig{\^e}ncia Artificial no limiar do s{\'e}culo XXI},
	author={Barreto, Jorge Muniz},
	journal={Florian{\'o}polis: PPP edi{\c{c}}{\~o}es},
	volume={97},
	year={1999}
}

@article{fernandes2003agentes,
	title={Agentes inteligentes},
	author={FERNANDES, Anita Maria da Rocha},
	journal={Intelig{\^e}ncia Artificial, No{\c{c}}{\~o}es Gerais. Florian{\'o}polis: Visual Books},
	pages={85--113},
	year={2003}
}